<?xml version="1.0" encoding="UTF-8"?><collection xmlns="http://www.loc.gov/MARC21/slim"><record><leader>00566nam--2200193-i-4500</leader><controlfield tag="001">000046133</controlfield><controlfield tag="002">20161230</controlfield><controlfield tag="005">20170102212000</controlfield><controlfield tag="008">060222s1000------------r-----000-0-rum-d</controlfield><datafield ind1=" " ind2=" " tag="040"><subfield code="a">IFIN-HH</subfield></datafield><datafield ind1=" " ind2=" " tag="041"><subfield code="a">rum</subfield></datafield><datafield ind1=" " ind2=" " tag="080"><subfield code="a">536.7(076.1)</subfield></datafield><datafield ind1="1" ind2=" " tag="100"><subfield code="a">Pimsner, Victor</subfield></datafield><datafield ind1="1" ind2="0" tag="245"><subfield code="a">Termodinamica tehnica</subfield><subfield code="b">Culegere de probleme</subfield><subfield code="c">Victor Pimsner; Calin Adrian Vasilescu; Alexandru Petcovici</subfield></datafield><datafield ind1=" " ind2=" " tag="260"><subfield code="a">Bucuresti</subfield><subfield code="b">Editura Didactica Si Pedagogica</subfield><subfield code="c">1976</subfield></datafield><datafield ind1=" " ind2=" " tag="300"><subfield code="a">393 p</subfield></datafield><datafield ind1="1" ind2=" " tag="700"><subfield code="a">Petcovici, Alexandru</subfield></datafield><datafield ind1=" " ind2=" " tag="852"><subfield code="a">43798</subfield><subfield code="c">536.7</subfield></datafield><datafield ind1=" " ind2=" " tag="CAT"><subfield code="a">SYS</subfield><subfield code="c">20170102</subfield><subfield code="h">212000</subfield></datafield></record></collection>